@book{req01,
  Author = {COHN, M},
  Title = {User Stories Applied: For Agile Software Development.},
  Year = {2010},
}

@book{req02,
  Author = {LEFFINGWELL},
  Title = {Agile Software Requirement.},
  Year = {2011},
  URL = {http://www.scaledagileframework.com/}
}

@book{req03,
  Author = {LEFFINGWELL, D.; BEHRENS, P},
  Title = {A User Story Primer},
  Year = {2010},
}

